@comment{A}

@article{Akhmerov2020,
  title = {Scientific Data Analysis Pipelines and Reproducibility},
  author = {Akhmerov, Anton and Cruz, Maria and Drost, Niels and Hof, Christian and Knapen, Tomas and Kuzak, Mateusz and Martinez-Ortiz, Carlos and Turkyilmaz-van der Velden, Yasemin and Van Werkhoven, Ben},
  journal = {Netherlands eScience Center},
  year = {2020},
  doi = {10.5281/zenodo.4159629}
}

@article{Akhmerov2023,
  title = {Recommendations for sustainable research software practices},
  author = {Akhmerov, Anton and Kuzak, Mateusz and Martinez-Ortiz, Carlos and Turkyilmaz-van der Velden, Yasemin and Bakker, Tom and Coen, Gerard and van Gelder, Cees and Holub, Petr and others},
  journal = {Patterns},
  volume = {4},
  number = {11},
  pages = {100824},
  year = {2023},
  doi = {10.1016/j.patter.2023.100824}
}

@comment{B}

@book{Barker2010,
  title = {At the Helm: Leading Your Laboratory},
  author = {Barker, Kathy},
  year = {2010},
  publisher = {Cold Spring Harbor Laboratory Press},
  isbn = {978-0879698669}
}

@misc{BelliniSaibene2024,
  author = {{Bellini Saibene}, Yanina and Salmon, Maëlle},
  title = {Marketing Ideas For Your Package},
  year = {2024},
  url = {https://ropensci.org/blog/2024/03/07/package-marketing/}
}

@book{BuenoDeMesquita2022,
  author = {{Bueno de Mesquita}, Bruce and Smith, Alastair},
  title = {The Dictator's Handbook: Why Bad Behavior is Almost Always Good Politics},
  publisher = {PublicAffairs},
  year = {2022},
  isbn = {9781541701366}
}

@comment{C}

@article{Carver2022,
  author = {Carver, Jeffrey C. and Weber, Nicholas and Ram, Karthik and Gesing, Sandra and Katz, Daniel S.},
  title = {A survey of the state of the practice for research software in the United States},
  journal = {PeerJ Computer Science},
  year = {2022},
  volume = {8},
  pages = {e963},
  doi = {10.7717/peerj-cs.963},
}

@article{Chue2021,
  title = {Software Management Plans in Research Projects},
  author = {Chue Hong, Neil P and Druskat, Stephan and Haines, Robert and Jay, Caroline and Katz, Daniel S and Sufi, Shoaib},
  journal = {Software Sustainability Institute},
  year = {2021},
  doi = {10.5281/zenodo.4940773}
}

@book{Cohen2018,
  title = {Lab Dynamics: Management and Leadership Skills for Scientists},
  edition = {3rd},
  author = {Cohen, Carl M. and Cohen, Suzanne L.},
  year = {2018},
  publisher = {Cold Spring Harbor Laboratory Press},
  isbn = {978-1621823155}
}

@book{Cullen2022,
  title = {Evidence-Based Practice in Action: Comprehensive Strategies, Tools, and Tips From University of Iowa Hospitals \& Clinics},
  edition = {second},
  author = {Cullen, L. and Hanrahan, K. and Farrington, M. and Tucker, S. and Edmonds, S.},
  isbn = {9781948057950},
  year = {2022},
  publisher = {Sigma Theta Tau International}
}

@comment{D}

@misc{DelBoca2024,
  author = {{Del Boca}, Patricio},
  title = {Disorderly Transition: Preserving the Argentine Government's Open Data},
  year = {2024},
  howpublished = {presented at {csv,conf} 8},
  url = {https://www.youtube.com/watch?v=8dUyi4OYAdM}
}

@misc{Druskat2021,
  author = {Druskat, Stephan and Spaaks, Jurriaan H. and Chue Hong, Neil and Haines, Robert and Baker, James and Bliven, Spencer and Willighagen, Egon and Pérez-Suárez, David and Konovalov, Oleksandr},
  title = {Citation File Format},
  year = {2021},
  note = {version 1.2.0},
  doi = {10.5281/zenodo.1003149}
}

@article{Druskat2023,
  title = {Research software: Definition, taxonomy, and community-driven guidelines},
  author = {Druskat, Stephan and Katz, Daniel S and Calatrava Moreno, Maria Del Carmen},
  journal = {Patterns},
  volume = {4},
  number = {8},
  pages = {100797},
  year = {2023},
  doi = {10.1016/j.patter.2023.100797}
}

@article{Dryden2019,
  title = {Ten simple rules for graduate students and researchers in the time of COVID-19},
  author = {Dryden, M. D. M. and Bhamla, M. S. and Kubicek-Sutherland, J. Z. and St. Laurent, J. and Bochicchio, D.},
  journal = {PLOS Computational Biology},
  volume = {16},
  number = {5},
  pages = {e1007958},
  year = {2020},
  doi = {10.1371/journal.pcbi.1007958},
}

@comment{E}

@comment{F}

@inproceedings{Fang2022,
  author = {Fang, Hongbo and Lamba, Hemank and Herbsleb, James and Vasilescu, Bogdan},
  title = {``This is damn slick!'': estimating the impact of tweets on open source project popularity and new contributors},
  year = {2022},
  doi = {10.1145/3510003.3510121},
  booktitle = {Proc.\ 44th International Conference on Software Engineering},
  pages = {2116-29}
}

@misc{Fogel2020,
  author = {Karl Fogel},
  title = {Producing Open Source Software (updated)},
  year = {2020},
  url = {https://producingoss.com/}
}

@article{Fortunato2021,
  author = {Fortunato, Laura and Galassi, Mark},
  title = {The case for free and open source software in research and scholarship},
  journal = {Phil. Trans. Royal Soc. A},
  year = {2021},
  volume = {379},
  number = {2197},
  doi = {10.1098/rsta.2020.0079},
}

@comment{G}

@inproceedings{Garijo2024,
  author = {Garijo, Daniel and Arroyo, Mauricio and Gonzalez, Erick and Treude, Christoph and Tarocco, Nicholas},
  title = {Bidirectional paper-repository tracing in software engineering},
  booktitle = {Proceedings of the 21st International Conference on Mining Software Repositories},
  year = {2024},
  month = {4},
  pages = {642-646},
  doi = {10.1145/3643991.3644876},
}

@article{Gomes2022,
  title = {Why don’t we share data and code? Perceived barriers and benefits to public archiving practices},
  volume = {289},
  doi = {10.1098/rspb.2022.1113},
  number = {1987},
  journal = {Proceedings of the Royal Society B: Biological Sciences},
  publisher = {The Royal Society},
  author = {Gomes,  Dylan G. E. and Pottier,  Patrice and Crystal-Ornelas,  Robert and Hudgins,  Emma J. and Foroughirad,  Vivienne and Sánchez-Reyes,  Luna L. and Turba,  Rachel and Martinez,  Paula Andrea and Moreau,  David and Bertram,  Michael G. and Smout,  Cooper A. and Gaynor,  Kaitlyn M.},
  year = {2022},
  month = {11}
}

@comment{H}

@article{Ham2019,
  author = {Ham, David and Hargreaves, Julia C. and Kerkweg, Astrid and Roche, David M. and Sander, Rolf},
  title = {The publication of geoscientific model developments v1.2},
  journal = {Geosci. Model. Dev.},
  year = {2019},
  volume = {12},
  number = {6},
  doi = {10.5194/gmd-12-2215-2019},
}

@misc{Huybrechts2024,
  author = {Huybrechts, Peter and Trekels, Maarten and Abraham, Leen and Desmet, Pieter},
  title = {B-Cubed software development guide},
  year = {2024},
  url = {https://docs.b-cubed.eu/guides/software-development/}
}

@comment{I}

@book{Irving2021,
  author = {Damien Irving and Kate Hertweck and Luke Johnston and Joel Ostblom and Charlotte Wickham and Greg Wilson},
  title = {Research Software Engineering with Python: Building Software that Makes Research Possible},
  publisher = {CRC Press/Taylor and Francis},
  year = {2021},
  isbn = {978-0367698348}
}

@comment{J}

@comment{K}

@article{Katz2018,
  author = {Katz, Daniel S. and Niemeyer, Kyle E. and Smith, Arfon M.},
  title = {Publish your software: Introducing the Journal of Open Source Software (JOSS)},
  journal = {Computing in Science \& Engineering},
  year = {2018},
  volume = {20},
  number = {3},
  pages = {84-88},
  doi = {10.1109/MCSE.2018.03221930}
}

@article{Katz2021,
  author = {Katz, Daniel S. and Chue Hong, Neil P. and Clark, Tim and others},
  title = {Recognizing the value of software: a software citation guide [version 2; peer review: 2 approved]},
  journal = {F1000Research},
  year = {2021},
  volume = {9},
  pages = {1257},
  doi = {10.12688/f1000research.26932.2},
}

@misc{Katz2025,
  author = {Katz, Daniel S. and Forbes, Melissa and Silen, Laurel and Curcuru, Shane and Hucka, Michael and Tang, Ying and Branan, Bryce and Richard, Lucas},
  title = {Open-source software project documents},
  year = {2025},
  url = {https://github.com/corsa-center/oss-documents}
}

@book{Kuchner2011,
  author = {Marc J. Kuchner},
  title = {Marketing for Scientists: How to Shine in Tough Times},
  year = {2011},
  publisher = {Island Press},
  isbn = {1597269948},
  link = {https://isbndb.com/book/1597269948}
}

@article{Kumar2023,
  title = {Enhancing scientific software sustainability through automated testing practices},
  author = {Kumar, Vipin and Mulder, Niels and Psomopoulos, Fotis and Wee, Liang En},
  journal = {F1000Research},
  volume = {12},
  pages = {498},
  year = {2023},
  doi = {10.12688/f1000research.134994.1}
}

@comment{L}

@article{Langille2010,
  title = {BioTorrents: A File Sharing Service for Scientific Data},
  volume = {5},
  doi = {10.1371/journal.pone.0010071},
  number = {4},
  journal = {PLoS ONE},
  publisher = {Public Library of Science (PLoS)},
  author = {Langille, Morgan G. I. and Eisen, Jonathan A.},
  year = {2010},
  month = {4},
  pages = {e10071}
}

@article{Lee2018a,
  title = {Best practices for scientific computing},
  author = {Lee, Benjamin D},
  journal = {F1000Research},
  volume = {7},
  pages = {1734},
  year = {2018},
  doi = {10.12688/f1000research.15424.2}
}

@article{Lee2018b,
  author = {Lee, Benjamin D.},
  title = {Ten simple rules for documenting scientific software},
  journal = {PLOS Computational Biology},
  year = {2018},
  volume = {14},
  number = {12},
  pages = {e1006561},
  doi = {10.1371/journal.pcbi.1006561},
}

@article{Lees2022,
  title = {Building and sustaining research software development capacity},
  author = {Lees, James P and Chue Hong, Neil P and Cruz, Maria and Hanwell, Marcus D and Hetherington, James and Ram, Karthik and Stevens, Robert and Rogers, Seth and Sufi, Shoaib},
  journal = {Research Ideas and Outcomes},
  volume = {8},
  pages = {e89876},
  year = {2022},
  doi = {10.3897/rio.8.e89876}
}

@misc{Littauer2025,
  author = {Littauer, Richard},
  title = {Standard Readme},
  year = {2025},
  note = {version 1.2.2},
  doi = {10.5281/zenodo.11164868},
  url = {https://github.com/RichardLitt/standard-readme}
}

@comment{M}

@article{Morin2012,
  author = {Morin, Andrew and Urban, Joanne and Sliz, Piotr},
  title = {A Quick Guide to Software Licensing for the Scientist-Programmer},
  journal = {PLOS Computational Biology},
  year = {2012},
  volume = {8},
  number = {7},
  pages = {e1002598},
  doi = {10.1371/journal.pcbi.1002598},
}

@comment{N}

@article{Nature2019,
  author = {{Nature}},
  title = {Mexican science suffers under debilitating budget cuts},
  journal = {Nature},
  year = {2019},
  volume = {572},
  pages = {294-295},
  doi = {10.1038/d41586-021-02882-z},
}

@article{Nature2021,
  author = {{Nature}},
  title = {Brazil’s scientists face 90% budget cut},
  journal = {Nature},
  year = {2021},
  volume = {598},
  pages = {566},
  doi = {10.1038/d41586-021-02882-z},
}

@article{Nature2023,
  author = {{Nature}},
  title = {Science is under threat in Argentina — we must call out the danger},
  journal = {Nature},
  year = {2023},
  volume = {622},
  pages = {433},
  doi = {10.1038/d41586-023-03228-7},
}

@article{Nature2025,
  author = {{Nature}},
  title = {Trump 2.0: An assault on science anywhere is an assault on science everywhere},
  journal = {Nature},
  year = {2025},
  volume = {639},
  number = {8053},
  pages = {7-8},
  doi = {10.1038/d41586-025-00562-w},
}


@misc{Nikiforuk2013,
  author = {Nikiforuk, Andrew},
  title = {Harper government shuts down 'world class' collection on freshwater science and protection},
  journal = {{The Tyee}},
  date = {2013-12-09},
  url = {https://thetyee.ca/News/2013/12/09/Dismantling-Fishery-Library/}
}

@comment{O}

@comment{P}

@article{Pearson2025,
  author = {Pearson, Helen and Ledford, Heidi and Hutson, Matthew and Van Noorden, Richard},
  title = {Exclusive: the most-cited papers of the twenty-first century},
  journal = {Nature},
  year = {2025},
  volume = {640},
  number = {8059},
  pages = {588-592},
  doi = {10.1038/d41586-025-01125-9}
}

@article{Perkel2018,
  author = {Perkel, Jeffrey M.},
  title = {Why Jupyter is data scientists' computational notebook of choice},
  journal = {Nature},
  year = {2018},
  volume = {563},
  pages = {145--146},
  doi = {10.1038/d41586-018-07196-1},
}

@book{Pennebaker2016,
  title = {Opening Up by Writing It Down: How Expressive Writing Improves Health and Eases Emotional Pain},
  edition = {third},
  author = {Pennebaker, J.W. and Smyth, J.M.},
  isbn = {9781462524921},
  year = {2016},
  publisher = {Guilford Publications}
}

@article{Perkel2023,
  author = {Perkel, Jeffrey M.},
  title = {How to make your scientific data accessible, discoverable and useful},
  journal = {Nature},
  year = {2023},
  volume = {618},
  number = {7967},
  pages = {1098-1099},
  doi = {10.1038/d41586-023-01929-7},
}

@book{Putnam2020,
  author = {Putnam, Robert D.},
  title = {Bowling Alone: The Collapse and Revival of American Community},
  edition = {2nd},
  year = {2020},
  publisher = {Simon \& Schuster},
  isbn = {9781982130848}
}

@comment{Q}

@comment{R}

@article{Reina2024,
  title = {Ten simple rules to help ensure software citation is considered and usable},
  author = {Reina, Giuliano and Bouquin, Daina R and Crosas, Mercè and Katz, Daniel S and Mayernik, Matthew S and Smith, Arfon M and Stodden, Victoria},
  journal = {PLOS Computational Biology},
  volume = {20},
  number = {1},
  pages = {e1011381},
  year = {2024},
  doi = {10.1371/journal.pcbi.1011381}
}

@misc{RatRisk2024,
  author = {Inspireurope+},
  title = {Researchers at Risk: An Update on National level Actions in Europe 2024},
  year = {2024},
  url = {https://sareurope.eu/inspireurope/inspireurope-publications-policy/}
}


@comment{S}

@article{Sandve2013,
  title = {Ten Simple Rules for Reproducible Computational Research},
  author = {Sandve, Geir Kjetil and Nekrutenko, Anton and Taylor, James and Hovig, Eivind},
  journal = {PLOS Computational Biology},
  volume = {9},
  number = {10},
  pages = {e1003285},
  year = {2013},
  doi = {10.1371/journal.pcbi.1003285},
  note = {citecount: ~900. Presents ten rules to make computational research more reproducible.}
}

@book{Scott1987,
  author = {Scott, James C.},
  title = {Weapons of the Weak: Everyday Forms of Peasant Resistance},
  isbn = {9780300036411},
  publisher = {Yale University Press},
  year = {1987}
}

@article{Sholler2019,
  doi = {10.1371/journal.pcbi.1007296},
  year = {2019},
  month = {9},
  publisher = {Public Library of Science ({PLOS})},
  volume = {15},
  number = {9},
  pages = {e1007296},
  author = {Dan Sholler and Igor Steinmacher and Denae Ford and Mara Averick and Mike Hoye and Greg Wilson},
  title = {Ten simple rules for helping newcomers become contributors to open projects},
  journal = {{PLOS} Computational Biology}
}

@article{Smith2016,
  author = {Smith, Arfon M. and Katz, Daniel S. and Niemeyer, Kyle E. and FORCE11 Software Citation Working Group},
  title = {Software citation principles},
  journal = {PeerJ Computer Science},
  year = {2016},
  volume = {2},
  pages = {e86},
  doi = {10.7717/peerj-cs.86},
}

@book{Solnit2010,
  author = {Solnit, Rebecca},
  title = {A Paradise Built in Hell: The Extraordinary Communities That Arise in Disaster},
  year = {2010},
  publisher = {Penguin},
  isbn = {9780143118077}
}

@inproceedings{Steinmacher2015,
  doi = {10.1145/2675133.2675215},
  year = {2015},
  month = {2},
  publisher = {{ACM}},
  author = {Igor Steinmacher and Tayana Conte and Marco Aur{\'{e}}lio Gerosa and David Redmiles},
  title = {Social Barriers Faced by Newcomers Placing Their First Contribution in Open Source Software Projects},
  booktitle = {Proc. {CSCW'15}}
}

@article{Struck2023,
  title = {Best practices for project setup for bioinformatics software developers},
  author = {Struck, Alexander and Kuhring, Mathias and Kutzner, Dominik and Grunert, Marcel and Renard, Bernhard Y},
  journal = {Briefings in Bioinformatics},
  volume = {24},
  number = {1},
  pages = {bbac546},
  year = {2023},
  doi = {10.1093/bib/bbac546}
}

@comment{T}

@article{Tamburri2020,
  title = {{``The Canary in the Coal Mine…''} A cautionary tale from the decline of SourceForge},
  volume = {50},
  doi = {10.1002/spe.2874},
  number = {10},
  journal = {Software: Practice and Experience},
  publisher = {Wiley},
  author = {Tamburri, Damian Andrew and Blincoe, Kelly and Palomba, Fabio and Kazman, Rick},
  year = {2020},
  month = {7},
  pages = {1930-1951}
}

@article{Taschuk2017,
  title = {Ten simple rules for making research software more robust},
  author = {Taschuk, Morgan and Wilson, Greg},
  journal = {PLOS Computational Biology},
  volume = {13},
  number = {4},
  pages = {e1005412},
  year = {2017},
  doi = {10.1371/journal.pcbi.1005412}
}

@inproceedings{Thakur2025,
  title = {Scientific open-source software is less likely to become abandoned than one might think! Lessons from curating a catalog of maintained scientific software},
  author = {Malviya-Thakur, Addi and Milewicz, Reed and Jahanshahi, Mahmoud and Paganini, Lavínia and Vasilescu, Bogdan and Mockus, Audris},
  booktitle = {ACM International Conference on the Foundations of Software Engineering (FSE)},
  year = {2025},
  url = {https://arxiv.org/abs/2504.18971}
}

@article{Torr2005,
  author = {Torr, P.},
  journal = {IEEE Security \& Privacy},
  title = {Demystifying the threat modeling process},
  year = {2005},
  volume = {3},
  number = {5},
  pages = {66-70},
  doi = {10.1109/MSP.2005.119}
}

@misc{Turing2025,
  author = {{The Turing Way Community}},
  title = {The Turing Way: A handbook for reproducible, ethical and collaborative research},
  year = {2025},
  publisher = {Zenodo},
  doi = {10.5281/zenodo.15213042},
}

@comment{U}

@comment{V}

@comment{W}

@article{Wilson2014,
  title = {Best Practices for Scientific Computing},
  author = {Wilson, Greg and Aruliah, D. A. and Brown, C. Titus and Chue Hong, Neil P. and Davis, Matt and Guy, Richard T. and Haddock, Steven H. D. and Huff, Kathryn D. and Mitchell, Ian M. and Plumbley, Mark D. and Waugh, Ben and White, Ethan P. and Wilson, Paul},
  journal = {PLOS Biology},
  volume = {12},
  number = {1},
  pages = {e1001745},
  year = {2014},
  doi = {10.1371/journal.pbio.1001745},
  note = {citecount: ~1200. Summarizes a set of best practices for scientific software development based on research and experience.}
}

@article{Wilson2017,
  author = {Greg Wilson and Jennifer Bryan and Karen Cranston and Justin Kitzes and Lex Nederbragt and Tracy K. Teal},
  journal = {{PLOS} Computational Biology},
  publisher = {Public Library of Science},
  title = {Good Enough Practices in Scientific Computing},
  year = {2017},
  month = {6},
  volume = {13},
  number = {6},
  pages = {1-20},
  doi = {10.1371/journal.pcbi.1005510},
}

@article{Woodward2025,
  author = {Woodward, Alistair and Leeder, Stephen},
  title = {Making science great again. Or not},
  journal = {International Journal of Epidemiology},
  year = {2025},
  volume = {54},
  number = {2},
  doi = {10.1093/ije/dyaf029},
}

@comment{X}

@comment{Y}

@Article{deRSE25,
  doi = {10.5281/zenodo.15002661},
  author = {Yehudi, Yo and Cashman, Mikaela and Felderer, Michael and Goedicke, Michael and Hasselbring, Wilhelm and Katz, Daniel S. and L"{o}ffler, Frank and M"{u}ller, Sebastian and Rumpe, Bernhard},
  title = {Towards Defining Lifecycles and Categories of Research Software},
  publisher = {Zenodo},
  journal = {deRSE25 Conference Proceedings},
  address = {Karlsruhe},
  year = {2025}
}

@article{Yang2024,
  author = {Yang, Yuqing},
  journal = {Journal of Education, Humanities and Social Sciences},
  title = {The Effect of Disasters on Altruistic Behavior and its Mechanisms},
  volume = {26},
  year = {2024},
  month = {3},
  pages = {572–577},
  doi = {10.54097/xng2q069},
}

@comment{Z}
